@book{puccini2011,
  title={{Matemática Financeira e Análise de Investimentos}},
  author={PUCCINI, Ernesto Coutinho},
  year={2011},
  pages={204},
  publisher={Departamento de Ciências da Administração / UFSC; [Brasília]:CAPES:UAB},
  address={Florianópolis}
}

@misc{ocde2005,
    title = {{Recommendation on Principles and Good Practices For Financial Education and Awareness: Recommendation of The Council}},
    year = {2005},
    author = {OCDE},
    url = {https://www.oecd.org/daf/fin/financial-education/35108560.pdf},
    urlaccessdate={06 jul. 2019}
}

@misc{souza2016,
    title = {{Jogo digital para educação financeira de adultos no Brasil: proposta pautada em redes bayesianas e lógica fuzzy}},
    year = {2016},
    author = {SOUZA, Rafael Marin Machado de},
    url = {http://tede.mackenzie.br/jspui/handle/tede/3413},
    urlaccessdate={25 jul. 2019},
    publisher={Universidade Presbiteriana Mackenzie},
    address={São Paulo}
}

@misc{spc2018,
    title={{Serviço de Proteção ao Crédito e Confederação Nacional de Dirigentes Lojistas. Indicadores Econômicos SPC Brasil e CNDL}},
    year={2018, p.3},
    author={SPC and CNDL},
    url={https://www.spcbrasil.org.br/wpimprensa/wp-content/uploads/2018/06/Análise-PF_maio_2018-1.pdf},
    urlaccessdate={04 jul. 2019},
}

@misc{pisa2015,
    title={{OECDiLibrary. PISA 2015 results: students’ financial literacy}},
    year={2017},
    author={OECD, O. F. E. C. A. D},
    url={https://www.oecd-ilibrary.org/education/pisa-2015-results-volume-iv_9789264270282-en},
    urlaccessdate={12 jul. 2019},
}

@book{buaes2015,
  title={{Caderno de Educação Financeira: viver bem com o dinheiro que se tem}},
  author={BUAES, C. S. and COMERLATO, D. and DOLL, J},
  year={2015},
  pages={45},
  publisher={UFRGS},
  address={Porto Alegre}
}

@book{kahneman2012,
  title={{Rápido e Devagar: duas formas de pensar}},
  author={KAHNEMAN, D},
  year={2012},
  pages={608},
  publisher={Objetiva},
  address={Rio de Janeiro}
}

@book{cialdini2012,
  title={{As Armas da Persuasão: como influenciar e não se deixar influenciar}},
  author={CIALDINI, R. B},
  year={2012},
  pages={304},
  publisher={Sextante},
  address={Rio de Janeiro}
}

@misc{bacen2013,
  title={{Caderno de Educação Financeira – Gestão de Finanças}},
  organization={BACEN},
  year={2013},
  url={https://www.bcb.gov.br/pre/pef/port/caderno_cidadania_financeira.pdf},
  urlaccessdate={02 nov. 2018}
}

@misc{bb2012,
  title={{Projeto Educação Financeira: Saúde Financeira não tem preço!}},
  organization={Banco do Brasil},
  year={2012},
  url={https://www.bb.com.br/docs/pub/inst/dwn/EducacaoFinanceira.pdf},
  urlaccessdate={14 nov. 2018}
}

@misc{susep2007,
  organization={SUSEP},
  type={Superintendência de Seguros Privados},
  title={Glossário},
  year={2007},
  url={http://www.susep.gov.br/macro_lista_glossario},
  urlaccessdate={22 nov. 2018}
}

@misc{bb2015,
  organization={Banco do Brasil},
  type={BRASILPREV},
  title={Cartilha Previdência Sem Mistério},
  year={2015},
  url={http://www2.brasilprev.com.br/ht/previdenciasemmisterio/Documents/Brasilprev_Cartilha.pdf},
  urlaccessdate={20 nov. 2018}
}

@misc{projeto3401,
    organization={BRASIL},
    type={Projeto de Lei N. 3.401, de 2004 (da Câmara dos Deputados Federais)},
    title={Cria a disciplina "Educação Financeira" nos currículos de 5ª a 8ª séries do ensino fundamental e do ensino médio},
    year={2004},
    address={Brasília},
    url={https://www.camara.leg.br/proposicoesWeb/fichadetramitacao?idProposicao=250412},
    urlaccessdate={30 jun. 2019}
}

@misc{projeto306,
    organization={BRASIL},
    type={Projeto de Lei N. 306, de 2007 (da Câmara dos Deputados Federais)},
    title={Altera o parágrafo 5º do artigo 26 da Lei nº 9.394, de 20 de dezembro de 1996, que estabelece as diretrizes e bases da educação nacional - LDB},
    year={2007},
    address={Brasília},
    url={https://www.camara.leg.br/proposicoesWeb/fichadetramitacao?idProposicao=343661},
    urlaccessdate={30 jun. 2019}
}

@misc{projeto2107,
    organization={BRASIL},
    type={Projeto de Lei N. 2.107, de 2011 (da Câmara dos Deputados Federais)},
    title={Altera o art. 36 da Lei nº 9.394, de 20 de dezembro de 1996, que estabelece as diretrizes e bases da educação nacional, para incluir ''Noções de Economia Financeira'' como disciplina obrigatória no ensino médio},
    year={2011},
    address={Brasília},
    url={https://www.camara.leg.br/proposicoesWeb/fichadetramitacao?idProposicao=517059},
    urlaccessdate={30 jun. 2019}
}

@misc{projeto3421,
    organization={BRASIL},
    type={Projeto de Lei N. 3.421, de 2012 (da Câmara dos Deputados Federais)},
    title={Altera e Lei de Diretrizes e Bases da Educação para incluir como disciplina obrigatória no currículo do ensino médio a educação financeira},
    year={2012},
    address={Brasília},
    url={https://www.camara.leg.br/proposicoesWeb/fichadetramitacao?idProposicao=537013},
    urlaccessdate={30 jun. 2019}
}

@misc{projeto7155,
    organization={BRASIL},
    type={Projeto de Lei N. 7.155, de 2014 (da Câmara dos Deputados Federais)},
    title={Acrescenta § 2º ao art. 26 da Lei nº 9.394, de 20 de dezembro de 1996},
    year={2014},
    address={Brasília},
    url={https://www.camara.leg.br/proposicoesWeb/fichadetramitacao?idProposicao=606544},
    urlaccessdate={30 jun. 2019}
}

@misc{projeto3590,
    organization={BRASIL},
    type={Projeto de Lei N. 3.590, de 2015 (da Câmara dos Deputados Federais)},
    title={Altera o art. 26 da Lei nº 9.394, de 20 de dezembro de 1996, que estabelece as diretrizes e bases da educação nacional},
    year={2015a},
    address={Brasília},
    url={https://www.camara.leg.br/proposicoesWeb/fichadetramitacao?idProposicao=2054295},
    urlaccessdate={30 jun. 2019}
}

@misc{projeto3691,
    organization={BRASIL},
    type={Projeto de Lei N. 3.691, de 2015 (da Câmara dos Deputados Federais)},
    title={Altera o art. 26 da Lei nº 9.394, de 20 dezembro de 1996, que estabelece as diretrizes e bases da educação nacional, para incluir o ensino da Educação Financeira e Finanças Pessoais como componente obrigatório dos currículos do ensino fundamental e do ensino médios},
    year={2015b},
    address={Brasília},
    url={https://www.camara.leg.br/proposicoesWeb/fichadetramitacao?idProposicao=2055879},
    urlaccessdate={30 jun. 2019}
}

@misc{projeto4215,
    organization={BRASIL},
    type={Projeto de Lei N. 4.215, de 2015 (da Câmara dos Deputados Federais)},
    title={Insere a "educação financeira" na grade curricular da Rede Pública Estadual de Ensino, com o objetivo de preparar o jovem para os atos da vida econômica e financeira e dá outras providências},
    year={2015c},
    address={Brasília},
    url={https://www.camara.leg.br/proposicoesWeb/fichadetramitacao?idProposicao=2076080},
    urlaccessdate={30 jun. 2019}
}

@misc{projeto4915,
    organization={BRASIL},
    type={Projeto de Lei N. 4.915, de 2016 (da Câmara dos Deputados Federais)},
    title={Acrescenta o § 10 ao art. 26 da Lei nº 9.394, de 20 de dezembro de 1996, que estabelece as diretrizes e bases da educação nacional, para incluir consumo e educação financeira como temas integradores dos componentes curriculares nos diversos níveis da educação básica},
    year={2016a},
    address={Brasília},
    url={https://www.camara.leg.br/proposicoesWeb/fichadetramitacao?idProposicao=2081432},
    urlaccessdate={30 jun. 2019}
}

@misc{projeto7318,
    organization={BRASIL},
    type={Projeto de Lei N. 7.318, de 2017 (da Câmara dos Deputados Federais)},
    title={Altera os artigos 26, 32 e 36 da Lei nº 9.394, de 20 de dezembro de 1996, para incluir a disciplina "Educação Financeira" na matriz curricular nacional no ensino fundamental e médio},
    year={2017a},
    address={Brasília},
    url={https://www.camara.leg.br/proposicoesWeb/fichadetramitacao?idProposicao=2128440},
    urlaccessdate={30 jun. 2019}
}

@misc{projeto239,
    organization={BRASIL},
    type={Projeto de Lei N. 239, de 2019 (da Câmara dos Deputados Federais)},
    title={Altera o art. 36 da Lei nº 9.394, de 20 de dezembro de 1996, que estabelece as diretrizes e bases da educação nacional, para incluir "Noções de Economia Financeira" como disciplina obrigatória no ensino médio},
    year={2019a},
    address={Brasília},
    url={https://www.camara.leg.br/proposicoesWeb/fichadetramitacao?idProposicao=2190770},
    urlaccessdate={30 jun. 2019}
}

@misc{projeto3114,
    organization={BRASIL},
    type={Projeto de Lei N. 3.114, de 2019 (da Câmara dos Deputados Federais)},
    title={Altera a Lei nº 9.394, de 20 de dezembro de 1996, que estabelece as diretrizes e bases da educação nacional, para incluir o estudo da educação financeira nos currículos da educação básica},
    year={2019b},
    address={Brasília},
    url={https://www.camara.leg.br/proposicoesWeb/fichadetramitacao?idProposicao=2204578},
    urlaccessdate={30 jun. 2019}
}

@misc{enef2010,
  organization={ENEF},
  type={Estratégia Nacional de Educação Financeira},
  title={Plano Diretor da ENEF},
  year={2010},
  url={http://www.vidaedinheiro.gov.br/wp-content/uploads/2017/08/Plano-Diretor-ENEF-Estrategia-Nacional-de-Educacao-Financeira.pdf},
  urlaccessdate={20 jun. 2019}
}

@misc{conef2010,
  organization={BRASIL},
  type={DecretoNº 7.397, 22 de dezembro de 2010},
  title={Institui a Estratégia Nacional de Educação Financeira (ENEF)},
  year={2010},
  url={http://www.planalto.gov.br/ccivil_03/_Ato2007-2010/2010/Decreto/D7397.htm},
  address={Brasília},
  urlaccessdate={12 jun. 2019}
}

@misc{aefbrasil2011,
  organization={AEF-BRASIL},
  type={Associação de Educação Financeira do Brasil},
  title={Quem Somos},
  year={2011},
  url={http://www.aefbrasil.org.br/index.php/quem-somos/},
  urlaccessdate={06 jun. 2019}
}

@misc{brasil1996,
  organization={BRASIL},
  type={Decreto Nº 9.394, 20 de dezembro de 1996},
  title={Estabelece as diretrizes e bases da educação nacional},
  year={1996},
  address={Brasília},
  url={http://www.planalto.gov.br/ccivil_03/leis/l9394.htm},
  urlaccessdate={12 jul. 2019}
}

@misc{brasil2017b,
  organization={BRASIL},
  type={MINISTÉRIO DA EDUCAÇÃO},
  title={Histórico da Base Nacional Comum Curricular (BNCC)},
  year={2017b},
  url={http://basenacionalcomum.mec.gov.br/historico/},
  urlaccessdate={22 jun. 2019}
}

@misc{brasil2017c,
  organization={BRASIL},
  type={MINISTÉRIO DA EDUCAÇÃO},
  title={Base Nacional Comum Curricular (BNCC)},
  year={2017c},
  url={http://basenacionalcomum.mec.gov.br/abase/#fundamental/},
  urlaccessdate={22 jun. 2019}
}

@misc{brasil2018,
  organization={BRASIL},
  type={MINISTÉRIO DA EDUCAÇÃO},
  title={Base Nacional Comum Curricular (BNCC)},
  year={2018},
  url={http://basenacionalcomum.mec.gov.br/abase/#medio/},
  urlaccessdate={22 jun. 2019}
}

@misc{brasil1909,
  organization={BRASIL},
  type={Decreto Nº 7.566, 23 de setembro de 1909},
  title={Crêa nas capitaes dos Estados da Republica Escolas de Aprendizes Artifices, para o ensino profissional primario e gratuito},
  year={1909},
  address={Rio de Janeiro},
  url={https://www2.camara.leg.br/legin/fed/decret/1900-1909/decreto-7566-23-setembro-1909-525411-publicacaooriginal-1-pe.html},
  urlaccessdate={20 mar. 2020}
}

@misc{brasil2008,
  organization={BRASIL},
  type={Lei Nº 11.892, 29 de dezembro de 2008},
  title={{Institui a Rede Federal de Educação Profissional, Científica e Tecnológica, cria os Institutos Federais de Educação, Ciência e Tecnologia, e dá outras providências}},
  year={2008},
  address={Brasília},
  url={http://www.planalto.gov.br/ccivil_03/_Ato2007-2010/2008/Lei/L11892.htm},
  urlaccessdate={12 jun. 2019}
}

@misc{ifsul2015,
  organization={IFSUL},
  type={Instituto Federal Sul-rio-grandense, Comunicação Social},
  title={{Histórico}},
  year={2015},
  address={Pelotas},
  url={http://www.ifsul.edu.br/historico},
  urlaccessdate={20 mar. 2020}
}

@book{piaget2011,
  title={{Seis Estudos de Psicologia}},
  author={PIAGET, J},
  year={2011},
  pages={154},
  note ={25ª. ed},
  publisher={{Forense Universitária}},
  address={Rio de Janeiro}
}

@book{piaget1971,
  title={{A Epistemologia Genética}},
  author={PIAGET, J},
  year={1971},
  pages={110},
  note ={Tradução Nathanael C. Caixeira},
  publisher={{Vozes}},
  address={Petrópolis}
}

@misc{bellotti2013,
  author={BELLOTTI, F. and KAPRALOS, B. and LEE, K. and MORENO-GER, P. and BERTA, R.},
  title={{Assessment in and of Serious Games: An Overview, Hindawi Advances in Human-Computer Interaction}},
  year={2013},
  address={London},
  url={https://www.hindawi.com/journals/ahci/2013/136864/},
  urlaccessdate={20 mai. 2019}
}

@article{connolly2012,
  title={{A systematic literature review of empirical evidence on computer games and serious games}},
  author={CONNOLLY, T. M. and BOYLE, Elizabeth A. and MACARTHUT, Ewan and HAINEY, Thomas and BOYLE, James M.},
  year={2012},
  pages={661-686},
  journal ={Computers and Education 59}
}

@book{prensky2012,
  title={{Aprendizagem baseada em jogos digitais}},
  author={PRENSKY, M},
  year={2012},
  pages={576},
  publisher={{Senac}},
  address={São Paulo}
}

@mastersthesis{piccini2008,
    author={PICCINI, Maurício da Silveira},
    title={Por uma teoria das supercordas da narrativa},
    type={Mestrado},
    school={PUCRS: Faculdade de Letras},
    address={Porto Alegre},
    year={2008}
}

@manual{minayo2008,
    author={MINAYO, M. C. S},
    title={Pesquisa social: teoria, método e criatividade},
    type={(Org.)},
    year={2008},
    publisher={{Vozes}},
    address={Petrópolis}
}

@manual{yin2005,
    author={YIN, R. K},
    title={Estudo de caso: planejamento e métodos},
    year={2005},
    publisher={{Bookman}},
    address={Porto Alegre}
}

@misc{frechiani2019a,
  author={FRECHIANI, D},
  title={{Jogo Renda Passiva, Um Jogo de Inteligência Financeira}},
  year={2019a},
  url={https://ojogorendapassiva.com.br/},
  urlaccessdate={20 fev. 2020}
}

@misc{frechiani2019b,
  author={FRECHIANI, D},
  title={{Jogo Renda Passiva, Um Jogo de Inteligência Financeira: Manual do Jogo Renda Passiva}},
  year={2019b},
  url={https://www.jogorendapassiva.com/wp-content/uploads/2019/05/Manual-Versao2-Web-1.pdf},
  urlaccessdate={20 fev. 2020}
}

@article{petri2017,
  title={{MEEGA+, Systematic Model to Evaluate Educational Games}},
  author={PETRI, G. and Gresse, W. C. and Borgatto, A. F},
  year={2017},
  pages={1-7},
  address={Los Angeles},
  journal={Encyclopedia of Computer Graphics and Games}
}

@mastersthesis{pietras2014,
    author={PIETRAS, G},
    title={Uma abordagem sobre matemática financeira e educação financeira no ensino médio},
    type={Mestrado},
    school={Universidade Estadual de Ponta Grossa},
    address={Ponta Grossa},
    year={2014},
    pages={104}
}

@mastersthesis{jover2014,
    author={JOVER, Renato Schneider Rivero},
    title={Matemática Financeira no Ensino Médio: um Jogo para Simulação},
    type={Mestrado},
    school={Universidade Federal do Rio Grande do Sul},
    address={Porto Alegre},
    year={2014}
}

@mastersthesis{flavia2016,
    author={CARVALHO, Flávia de Oliveira},
    title={Desafios financeiros: o papel do design em um jogo de educação financeira},
    type={Mestrado},
    school={Universidade de Brasília},
    address={Brasília},
    year={2016},
    pages={126}
}

@mastersthesis{wartchow2017,
    author={WARTCHOW, Eduardo},
    title={EduCoelho: uma plataforma de alfabetização financeira estimulando a reflexão comportamental},
    type={Mestrado},
    school={Universidade de Caxias do Sul},
    address={Caxias do Sul},
    year={2017}
}

@mastersthesis{sarlo2019,
    author={SARLO, Jonatas Campos},
    title={Atividades visando à inclusão da educação financeira no currículo de matemática no ensino básico},
    type={Mestrado},
    school={Universidade Estadual do Norte Fluminense},
    address={Campos dos Goytacazes},
    year={2019}
}

@mastersthesis{luppi2018,
    author={LUPPI, Almir Rogério},
    title={Entendendo a matemática financeira por meio de um material didático: o caso de uma turma do terceiro ano de Ensino Médio da Escola Wallace Castelo Dutra em São Mateus-ES},
    type={Mestrado},
    school={Universidade Federal do Espírito Santo},
    address={São Mateus},
    year={2018}
}